%YAML 1.1
%TAG !u! tag:unity3d.com,2011:
--- !u!29 &1
OcclusionCullingSettings:
  m_ObjectHideFlags: 0
  serializedVersion: 2
  m_OcclusionBakeSettings:
    smallestOccluder: 5
    smallestHole: 0.25
    backfaceThreshold: 100
  m_SceneGUID: 00000000000000000000000000000000
  m_OcclusionCullingData: {fileID: 0}
--- !u!104 &2
RenderSettings:
  m_ObjectHideFlags: 0
  serializedVersion: 9
  m_Fog: 0
  m_FogColor: {r: 0.5, g: 0.5, b: 0.5, a: 1}
  m_FogMode: 3
  m_FogDensity: 0.01
  m_LinearFogStart: 0
  m_LinearFogEnd: 300
  m_AmbientSkyColor: {r: 0.212, g: 0.227, b: 0.259, a: 1}
  m_AmbientEquatorColor: {r: 0.114, g: 0.125, b: 0.133, a: 1}
  m_AmbientGroundColor: {r: 0.047, g: 0.043, b: 0.035, a: 1}
  m_AmbientIntensity: 1
  m_AmbientMode: 0
  m_SubtractiveShadowColor: {r: 0.42, g: 0.478, b: 0.627, a: 1}
  m_SkyboxMaterial: {fileID: 10304, guid: 0000000000000000f000000000000000, type: 0}
  m_HaloStrength: 0.5
  m_FlareStrength: 1
  m_FlareFadeSpeed: 3
  m_HaloTexture: {fileID: 0}
  m_SpotCookie: {fileID: 10001, guid: 0000000000000000e000000000000000, type: 0}
  m_DefaultReflectionMode: 0
  m_DefaultReflectionResolution: 128
  m_ReflectionBounces: 1
  m_ReflectionIntensity: 1
  m_CustomReflection: {fileID: 0}
  m_Sun: {fileID: 0}
  m_IndirectSpecularColor: {r: 0.44657898, g: 0.4964133, b: 0.5748178, a: 1}
  m_UseRadianceAmbientProbe: 0
--- !u!157 &3
LightmapSettings:
  m_ObjectHideFlags: 0
  serializedVersion: 12
  m_GIWorkflowMode: 1
  m_GISettings:
    serializedVersion: 2
    m_BounceScale: 1
    m_IndirectOutputScale: 1
    m_AlbedoBoost: 1
    m_EnvironmentLightingMode: 0
    m_EnableBakedLightmaps: 1
    m_EnableRealtimeLightmaps: 0
  m_LightmapEditorSettings:
    serializedVersion: 12
    m_Resolution: 2
    m_BakeResolution: 40
    m_AtlasSize: 1024
    m_AO: 0
    m_AOMaxDistance: 1
    m_CompAOExponent: 1
    m_CompAOExponentDirect: 0
    m_ExtractAmbientOcclusion: 0
    m_Padding: 2
    m_LightmapParameters: {fileID: 0}
    m_LightmapsBakeMode: 1
    m_TextureCompression: 1
    m_FinalGather: 0
    m_FinalGatherFiltering: 1
    m_FinalGatherRayCount: 256
    m_ReflectionCompression: 2
    m_MixedBakeMode: 2
    m_BakeBackend: 1
    m_PVRSampling: 1
    m_PVRDirectSampleCount: 32
    m_PVRSampleCount: 512
    m_PVRBounces: 2
    m_PVREnvironmentSampleCount: 256
    m_PVREnvironmentReferencePointCount: 2048
    m_PVRFilteringMode: 1
    m_PVRDenoiserTypeDirect: 1
    m_PVRDenoiserTypeIndirect: 1
    m_PVRDenoiserTypeAO: 1
    m_PVRFilterTypeDirect: 0
    m_PVRFilterTypeIndirect: 0
    m_PVRFilterTypeAO: 0
    m_PVREnvironmentMIS: 1
    m_PVRCulling: 1
    m_PVRFilteringGaussRadiusDirect: 1
    m_PVRFilteringGaussRadiusIndirect: 5
    m_PVRFilteringGaussRadiusAO: 2
    m_PVRFilteringAtrousPositionSigmaDirect: 0.5
    m_PVRFilteringAtrousPositionSigmaIndirect: 2
    m_PVRFilteringAtrousPositionSigmaAO: 1
    m_ExportTrainingData: 0
    m_TrainingDataDestination: TrainingData
    m_LightProbeSampleCountMultiplier: 4
  m_LightingDataAsset: {fileID: 112000000, guid: 4b294ffd56344264aadd39f0a3efa62e, type: 2}
  m_LightingSettings: {fileID: 0}
--- !u!196 &4
NavMeshSettings:
  serializedVersion: 2
  m_ObjectHideFlags: 0
  m_BuildSettings:
    serializedVersion: 2
    agentTypeID: 0
    agentRadius: 0.5
    agentHeight: 2
    agentSlope: 45
    agentClimb: 0.4
    ledgeDropHeight: 0
    maxJumpAcrossDistance: 0
    minRegionArea: 2
    manualCellSize: 0
    cellSize: 0.16666667
    manualTileSize: 0
    tileSize: 256
    accuratePlacement: 0
    maxJobWorkers: 0
    preserveTilesOutsideBounds: 0
    debug:
      m_Flags: 0
  m_NavMeshData: {fileID: 0}
--- !u!1001 &7280244
PrefabInstance:
  m_ObjectHideFlags: 0
  serializedVersion: 2
  m_Modification:
    m_TransformParent: {fileID: 0}
    m_Modifications:
    - target: {fileID: 100000, guid: 584a8ef4749c89745b7ae07f3ba7617f, type: 3}
      propertyPath: m_Name
      value: FloorPrototype08x01x08
      objectReference: {fileID: 0}
    - target: {fileID: 400000, guid: 584a8ef4749c89745b7ae07f3ba7617f, type: 3}
      propertyPath: m_RootOrder
      value: 2
      objectReference: {fileID: 0}
    - target: {fileID: 400000, guid: 584a8ef4749c89745b7ae07f3ba7617f, type: 3}
      propertyPath: m_LocalPosition.x
      value: -18.09713
      objectReference: {fileID: 0}
    - target: {fileID: 400000, guid: 584a8ef4749c89745b7ae07f3ba7617f, type: 3}
      propertyPath: m_LocalPosition.y
      value: 1.0000116
      objectReference: {fileID: 0}
    - target: {fileID: 400000, guid: 584a8ef4749c89745b7ae07f3ba7617f, type: 3}
      propertyPath: m_LocalPosition.z
      value: 23.18266
      objectReference: {fileID: 0}
    - target: {fileID: 400000, guid: 584a8ef4749c89745b7ae07f3ba7617f, type: 3}
      propertyPath: m_LocalRotation.w
      value: 1
      objectReference: {fileID: 0}
    - target: {fileID: 400000, guid: 584a8ef4749c89745b7ae07f3ba7617f, type: 3}
      propertyPath: m_LocalRotation.x
      value: 0.00000008146034
      objectReference: {fileID: 0}
    - target: {fileID: 400000, guid: 584a8ef4749c89745b7ae07f3ba7617f, type: 3}
      propertyPath: m_LocalRotation.y
      value: 0
      objectReference: {fileID: 0}
    - target: {fileID: 400000, guid: 584a8ef4749c89745b7ae07f3ba7617f, type: 3}
      propertyPath: m_LocalRotation.z
      value: -0
      objectReference: {fileID: 0}
    - target: {fileID: 400000, guid: 584a8ef4749c89745b7ae07f3ba7617f, type: 3}
      propertyPath: m_LocalEulerAnglesHint.x
      value: 0
      objectReference: {fileID: 0}
    - target: {fileID: 400000, guid: 584a8ef4749c89745b7ae07f3ba7617f, type: 3}
      propertyPath: m_LocalEulerAnglesHint.y
      value: 0
      objectReference: {fileID: 0}
    - target: {fileID: 400000, guid: 584a8ef4749c89745b7ae07f3ba7617f, type: 3}
      propertyPath: m_LocalEulerAnglesHint.z
      value: 0
      objectReference: {fileID: 0}
    m_RemovedComponents: []
  m_SourcePrefab: {fileID: 100100000, guid: 584a8ef4749c89745b7ae07f3ba7617f, type: 3}
--- !u!1001 &153249683
PrefabInstance:
  m_ObjectHideFlags: 0
  serializedVersion: 2
  m_Modification:
    m_TransformParent: {fileID: 1770910409}
    m_Modifications:
    - target: {fileID: 100000, guid: 4e11ef4f39bc65e44a4b0755ecac6ea1, type: 3}
      propertyPath: m_Name
      value: RampPrototype04x02x02
      objectReference: {fileID: 0}
    - target: {fileID: 400000, guid: 4e11ef4f39bc65e44a4b0755ecac6ea1, type: 3}
      propertyPath: m_RootOrder
      value: 0
      objectReference: {fileID: 0}
    - target: {fileID: 400000, guid: 4e11ef4f39bc65e44a4b0755ecac6ea1, type: 3}
      propertyPath: m_LocalPosition.x
      value: -3.3
      objectReference: {fileID: 0}
    - target: {fileID: 400000, guid: 4e11ef4f39bc65e44a4b0755ecac6ea1, type: 3}
      propertyPath: m_LocalPosition.y
      value: 0
      objectReference: {fileID: 0}
    - target: {fileID: 400000, guid: 4e11ef4f39bc65e44a4b0755ecac6ea1, type: 3}
      propertyPath: m_LocalPosition.z
      value: 25.8
      objectReference: {fileID: 0}
    - target: {fileID: 400000, guid: 4e11ef4f39bc65e44a4b0755ecac6ea1, type: 3}
      propertyPath: m_LocalRotation.w
      value: 1
      objectReference: {fileID: 0}
    - target: {fileID: 400000, guid: 4e11ef4f39bc65e44a4b0755ecac6ea1, type: 3}
      propertyPath: m_LocalRotation.x
      value: -0
      objectReference: {fileID: 0}
    - target: {fileID: 400000, guid: 4e11ef4f39bc65e44a4b0755ecac6ea1, type: 3}
      propertyPath: m_LocalRotation.y
      value: -0
      objectReference: {fileID: 0}
    - target: {fileID: 400000, guid: 4e11ef4f39bc65e44a4b0755ecac6ea1, type: 3}
      propertyPath: m_LocalRotation.z
      value: -0
      objectReference: {fileID: 0}
    - target: {fileID: 400000, guid: 4e11ef4f39bc65e44a4b0755ecac6ea1, type: 3}
      propertyPath: m_LocalEulerAnglesHint.x
      value: 0
      objectReference: {fileID: 0}
    - target: {fileID: 400000, guid: 4e11ef4f39bc65e44a4b0755ecac6ea1, type: 3}
      propertyPath: m_LocalEulerAnglesHint.y
      value: 0
      objectReference: {fileID: 0}
    - target: {fileID: 400000, guid: 4e11ef4f39bc65e44a4b0755ecac6ea1, type: 3}
      propertyPath: m_LocalEulerAnglesHint.z
      value: 0
      objectReference: {fileID: 0}
    m_RemovedComponents: []
  m_SourcePrefab: {fileID: 100100000, guid: 4e11ef4f39bc65e44a4b0755ecac6ea1, type: 3}
--- !u!4 &153249684 stripped
Transform:
  m_CorrespondingSourceObject: {fileID: 400000, guid: 4e11ef4f39bc65e44a4b0755ecac6ea1, type: 3}
  m_PrefabInstance: {fileID: 153249683}
  m_PrefabAsset: {fileID: 0}
--- !u!1 &153249685 stripped
GameObject:
  m_CorrespondingSourceObject: {fileID: 100000, guid: 4e11ef4f39bc65e44a4b0755ecac6ea1, type: 3}
  m_PrefabInstance: {fileID: 153249683}
  m_PrefabAsset: {fileID: 0}
--- !u!64 &153249686
MeshCollider:
  m_ObjectHideFlags: 0
  m_CorrespondingSourceObject: {fileID: 0}
  m_PrefabInstance: {fileID: 0}
  m_PrefabAsset: {fileID: 0}
  m_GameObject: {fileID: 153249685}
  m_Material: {fileID: 0}
  m_IsTrigger: 0
  m_Enabled: 1
  serializedVersion: 4
  m_Convex: 0
  m_CookingOptions: 30
  m_Mesh: {fileID: 4300002, guid: b9d7ac1a0f551404f8d32e1e02b64325, type: 3}
--- !u!1 &469514667
GameObject:
  m_ObjectHideFlags: 0
  m_CorrespondingSourceObject: {fileID: 0}
  m_PrefabInstance: {fileID: 0}
  m_PrefabAsset: {fileID: 0}
  serializedVersion: 6
  m_Component:
  - component: {fileID: 469514670}
  - component: {fileID: 469514669}
  - component: {fileID: 469514668}
  m_Layer: 0
  m_Name: Main Camera
  m_TagString: MainCamera
  m_Icon: {fileID: 0}
  m_NavMeshLayer: 0
  m_StaticEditorFlags: 0
  m_IsActive: 1
--- !u!81 &469514668
AudioListener:
  m_ObjectHideFlags: 0
  m_CorrespondingSourceObject: {fileID: 0}
  m_PrefabInstance: {fileID: 0}
  m_PrefabAsset: {fileID: 0}
  m_GameObject: {fileID: 469514667}
  m_Enabled: 1
--- !u!20 &469514669
Camera:
  m_ObjectHideFlags: 0
  m_CorrespondingSourceObject: {fileID: 0}
  m_PrefabInstance: {fileID: 0}
  m_PrefabAsset: {fileID: 0}
  m_GameObject: {fileID: 469514667}
  m_Enabled: 1
  serializedVersion: 2
  m_ClearFlags: 1
  m_BackGroundColor: {r: 0.19215687, g: 0.3019608, b: 0.4745098, a: 0}
  m_projectionMatrixMode: 1
  m_GateFitMode: 2
  m_FOVAxisMode: 0
  m_SensorSize: {x: 36, y: 24}
  m_LensShift: {x: 0, y: 0}
  m_FocalLength: 50
  m_NormalizedViewPortRect:
    serializedVersion: 2
    x: 0
    y: 0
    width: 1
    height: 1
  near clip plane: 0.3
  far clip plane: 1000
  field of view: 60
  orthographic: 0
  orthographic size: 5
  m_Depth: -1
  m_CullingMask:
    serializedVersion: 2
    m_Bits: 4294967295
  m_RenderingPath: -1
  m_TargetTexture: {fileID: 0}
  m_TargetDisplay: 0
  m_TargetEye: 3
  m_HDR: 1
  m_AllowMSAA: 1
  m_AllowDynamicResolution: 0
  m_ForceIntoRT: 0
  m_OcclusionCulling: 1
  m_StereoConvergence: 10
  m_StereoSeparation: 0.022
--- !u!4 &469514670
Transform:
  m_ObjectHideFlags: 0
  m_CorrespondingSourceObject: {fileID: 0}
  m_PrefabInstance: {fileID: 0}
  m_PrefabAsset: {fileID: 0}
  m_GameObject: {fileID: 469514667}
  m_LocalRotation: {x: 0, y: 0, z: 0, w: 1}
  m_LocalPosition: {x: 0, y: 1, z: -10}
  m_LocalScale: {x: 1, y: 1, z: 1}
  m_Children: []
  m_Father: {fileID: 0}
  m_RootOrder: 0
  m_LocalEulerAnglesHint: {x: 0, y: 0, z: 0}
--- !u!1 &620489094
GameObject:
  m_ObjectHideFlags: 0
  m_CorrespondingSourceObject: {fileID: 0}
  m_PrefabInstance: {fileID: 0}
  m_PrefabAsset: {fileID: 0}
  serializedVersion: 6
  m_Component:
  - component: {fileID: 620489096}
  - component: {fileID: 620489095}
  m_Layer: 0
  m_Name: GameManager
  m_TagString: Untagged
  m_Icon: {fileID: 0}
  m_NavMeshLayer: 0
  m_StaticEditorFlags: 0
  m_IsActive: 1
--- !u!114 &620489095
MonoBehaviour:
  m_ObjectHideFlags: 0
  m_CorrespondingSourceObject: {fileID: 0}
  m_PrefabInstance: {fileID: 0}
  m_PrefabAsset: {fileID: 0}
  m_GameObject: {fileID: 620489094}
  m_Enabled: 1
  m_EditorHideFlags: 0
  m_Script: {fileID: 11500000, guid: c0fb3cffe9179ed468e61ec0dee5eb82, type: 3}
  m_Name: 
  m_EditorClassIdentifier: 
  playerPrefab: {fileID: 4068665460684649479, guid: 239f8cf81b280a34a82a115c3d99bdee, type: 3}
--- !u!4 &620489096
Transform:
  m_ObjectHideFlags: 0
  m_CorrespondingSourceObject: {fileID: 0}
  m_PrefabInstance: {fileID: 0}
  m_PrefabAsset: {fileID: 0}
  m_GameObject: {fileID: 620489094}
  m_LocalRotation: {x: 0, y: 0, z: 0, w: 1}
  m_LocalPosition: {x: 0, y: 0, z: 0}
  m_LocalScale: {x: 1, y: 1, z: 1}
  m_Children: []
  m_Father: {fileID: 0}
  m_RootOrder: 5
  m_LocalEulerAnglesHint: {x: 0, y: 0, z: 0}
--- !u!1001 &918601287
PrefabInstance:
  m_ObjectHideFlags: 0
  serializedVersion: 2
  m_Modification:
    m_TransformParent: {fileID: 1770910409}
    m_Modifications:
    - target: {fileID: 100000, guid: 44884af1ac1d64d42902da40268ba120, type: 3}
      propertyPath: m_Name
      value: PillarPrototype02x08x02
      objectReference: {fileID: 0}
    - target: {fileID: 400000, guid: 44884af1ac1d64d42902da40268ba120, type: 3}
      propertyPath: m_RootOrder
      value: 2
      objectReference: {fileID: 0}
    - target: {fileID: 400000, guid: 44884af1ac1d64d42902da40268ba120, type: 3}
      propertyPath: m_LocalPosition.x
      value: 21.356113
      objectReference: {fileID: 0}
    - target: {fileID: 400000, guid: 44884af1ac1d64d42902da40268ba120, type: 3}
      propertyPath: m_LocalPosition.y
      value: 0
      objectReference: {fileID: 0}
    - target: {fileID: 400000, guid: 44884af1ac1d64d42902da40268ba120, type: 3}
      propertyPath: m_LocalPosition.z
      value: 24.816715
      objectReference: {fileID: 0}
    - target: {fileID: 400000, guid: 44884af1ac1d64d42902da40268ba120, type: 3}
      propertyPath: m_LocalRotation.w
      value: 1
      objectReference: {fileID: 0}
    - target: {fileID: 400000, guid: 44884af1ac1d64d42902da40268ba120, type: 3}
      propertyPath: m_LocalRotation.x
      value: 0.00000008146034
      objectReference: {fileID: 0}
    - target: {fileID: 400000, guid: 44884af1ac1d64d42902da40268ba120, type: 3}
      propertyPath: m_LocalRotation.y
      value: -0
      objectReference: {fileID: 0}
    - target: {fileID: 400000, guid: 44884af1ac1d64d42902da40268ba120, type: 3}
      propertyPath: m_LocalRotation.z
      value: -0
      objectReference: {fileID: 0}
    - target: {fileID: 400000, guid: 44884af1ac1d64d42902da40268ba120, type: 3}
      propertyPath: m_LocalEulerAnglesHint.x
      value: 0
      objectReference: {fileID: 0}
    - target: {fileID: 400000, guid: 44884af1ac1d64d42902da40268ba120, type: 3}
      propertyPath: m_LocalEulerAnglesHint.y
      value: 0
      objectReference: {fileID: 0}
    - target: {fileID: 400000, guid: 44884af1ac1d64d42902da40268ba120, type: 3}
      propertyPath: m_LocalEulerAnglesHint.z
      value: 0
      objectReference: {fileID: 0}
    m_RemovedComponents: []
  m_SourcePrefab: {fileID: 100100000, guid: 44884af1ac1d64d42902da40268ba120, type: 3}
--- !u!4 &918601288 stripped
Transform:
  m_CorrespondingSourceObject: {fileID: 400000, guid: 44884af1ac1d64d42902da40268ba120, type: 3}
  m_PrefabInstance: {fileID: 918601287}
  m_PrefabAsset: {fileID: 0}
--- !u!1 &918601289 stripped
GameObject:
  m_CorrespondingSourceObject: {fileID: 100000, guid: 44884af1ac1d64d42902da40268ba120, type: 3}
  m_PrefabInstance: {fileID: 918601287}
  m_PrefabAsset: {fileID: 0}
--- !u!64 &918601290
MeshCollider:
  m_ObjectHideFlags: 0
  m_CorrespondingSourceObject: {fileID: 0}
  m_PrefabInstance: {fileID: 0}
  m_PrefabAsset: {fileID: 0}
  m_GameObject: {fileID: 918601289}
  m_Material: {fileID: 0}
  m_IsTrigger: 0
  m_Enabled: 1
  serializedVersion: 4
  m_Convex: 0
  m_CookingOptions: 30
  m_Mesh: {fileID: 4300002, guid: 66a13889798137c498eae4b3acdafe19, type: 3}
--- !u!1 &1123689358
GameObject:
  m_ObjectHideFlags: 0
  m_CorrespondingSourceObject: {fileID: 0}
  m_PrefabInstance: {fileID: 0}
  m_PrefabAsset: {fileID: 0}
  serializedVersion: 6
  m_Component:
  - component: {fileID: 1123689360}
  - component: {fileID: 1123689359}
  m_Layer: 0
  m_Name: Directional Light
  m_TagString: Untagged
  m_Icon: {fileID: 0}
  m_NavMeshLayer: 0
  m_StaticEditorFlags: 0
  m_IsActive: 1
--- !u!108 &1123689359
Light:
  m_ObjectHideFlags: 0
  m_CorrespondingSourceObject: {fileID: 0}
  m_PrefabInstance: {fileID: 0}
  m_PrefabAsset: {fileID: 0}
  m_GameObject: {fileID: 1123689358}
  m_Enabled: 1
  serializedVersion: 10
  m_Type: 1
  m_Shape: 0
  m_Color: {r: 1, g: 0.95686275, b: 0.8392157, a: 1}
  m_Intensity: 1
  m_Range: 10
  m_SpotAngle: 30
  m_InnerSpotAngle: 21.80208
  m_CookieSize: 10
  m_Shadows:
    m_Type: 2
    m_Resolution: -1
    m_CustomResolution: -1
    m_Strength: 1
    m_Bias: 0.05
    m_NormalBias: 0.4
    m_NearPlane: 0.2
    m_CullingMatrixOverride:
      e00: 1
      e01: 0
      e02: 0
      e03: 0
      e10: 0
      e11: 1
      e12: 0
      e13: 0
      e20: 0
      e21: 0
      e22: 1
      e23: 0
      e30: 0
      e31: 0
      e32: 0
      e33: 1
    m_UseCullingMatrixOverride: 0
  m_Cookie: {fileID: 0}
  m_DrawHalo: 0
  m_Flare: {fileID: 0}
  m_RenderMode: 0
  m_CullingMask:
    serializedVersion: 2
    m_Bits: 4294967295
  m_RenderingLayerMask: 1
  m_Lightmapping: 4
  m_LightShadowCasterMode: 0
  m_AreaSize: {x: 1, y: 1}
  m_BounceIntensity: 1
  m_ColorTemperature: 6570
  m_UseColorTemperature: 0
  m_BoundingSphereOverride: {x: 0, y: 0, z: 0, w: 0}
  m_UseBoundingSphereOverride: 0
  m_UseViewFrustumForShadowCasterCull: 1
  m_ShadowRadius: 0
  m_ShadowAngle: 0
--- !u!4 &1123689360
Transform:
  m_ObjectHideFlags: 0
  m_CorrespondingSourceObject: {fileID: 0}
  m_PrefabInstance: {fileID: 0}
  m_PrefabAsset: {fileID: 0}
  m_GameObject: {fileID: 1123689358}
  m_LocalRotation: {x: 0.40821788, y: -0.23456968, z: 0.10938163, w: 0.8754261}
  m_LocalPosition: {x: 0, y: 3, z: 0}
  m_LocalScale: {x: 1, y: 1, z: 1}
  m_Children: []
  m_Father: {fileID: 0}
  m_RootOrder: 3
  m_LocalEulerAnglesHint: {x: 50, y: -30, z: 0}
--- !u!1001 &1481016734
PrefabInstance:
  m_ObjectHideFlags: 0
  serializedVersion: 2
  m_Modification:
    m_TransformParent: {fileID: 1770910409}
    m_Modifications:
    - target: {fileID: 100000, guid: b321aed21e0872743a175d8dbbe12ac8, type: 3}
      propertyPath: m_Name
      value: JoinOuterPrototype02x06x02
      objectReference: {fileID: 0}
    - target: {fileID: 400000, guid: b321aed21e0872743a175d8dbbe12ac8, type: 3}
      propertyPath: m_RootOrder
      value: 3
      objectReference: {fileID: 0}
    - target: {fileID: 400000, guid: b321aed21e0872743a175d8dbbe12ac8, type: 3}
      propertyPath: m_LocalPosition.x
      value: 5.0254707
      objectReference: {fileID: 0}
    - target: {fileID: 400000, guid: b321aed21e0872743a175d8dbbe12ac8, type: 3}
      propertyPath: m_LocalPosition.y
      value: 0
      objectReference: {fileID: 0}
    - target: {fileID: 400000, guid: b321aed21e0872743a175d8dbbe12ac8, type: 3}
      propertyPath: m_LocalPosition.z
      value: 43.215725
      objectReference: {fileID: 0}
    - target: {fileID: 400000, guid: b321aed21e0872743a175d8dbbe12ac8, type: 3}
      propertyPath: m_LocalRotation.w
      value: 1
      objectReference: {fileID: 0}
    - target: {fileID: 400000, guid: b321aed21e0872743a175d8dbbe12ac8, type: 3}
      propertyPath: m_LocalRotation.x
      value: -0
      objectReference: {fileID: 0}
    - target: {fileID: 400000, guid: b321aed21e0872743a175d8dbbe12ac8, type: 3}
      propertyPath: m_LocalRotation.y
      value: -0
      objectReference: {fileID: 0}
    - target: {fileID: 400000, guid: b321aed21e0872743a175d8dbbe12ac8, type: 3}
      propertyPath: m_LocalRotation.z
      value: -0
      objectReference: {fileID: 0}
    - target: {fileID: 400000, guid: b321aed21e0872743a175d8dbbe12ac8, type: 3}
      propertyPath: m_LocalEulerAnglesHint.x
      value: 0
      objectReference: {fileID: 0}
    - target: {fileID: 400000, guid: b321aed21e0872743a175d8dbbe12ac8, type: 3}
      propertyPath: m_LocalEulerAnglesHint.y
      value: 0
      objectReference: {fileID: 0}
    - target: {fileID: 400000, guid: b321aed21e0872743a175d8dbbe12ac8, type: 3}
      propertyPath: m_LocalEulerAnglesHint.z
      value: 0
      objectReference: {fileID: 0}
    m_RemovedComponents: []
  m_SourcePrefab: {fileID: 100100000, guid: b321aed21e0872743a175d8dbbe12ac8, type: 3}
--- !u!4 &1481016735 stripped
Transform:
  m_CorrespondingSourceObject: {fileID: 400000, guid: b321aed21e0872743a175d8dbbe12ac8, type: 3}
  m_PrefabInstance: {fileID: 1481016734}
  m_PrefabAsset: {fileID: 0}
--- !u!1 &1481016736 stripped
GameObject:
  m_CorrespondingSourceObject: {fileID: 100000, guid: b321aed21e0872743a175d8dbbe12ac8, type: 3}
  m_PrefabInstance: {fileID: 1481016734}
  m_PrefabAsset: {fileID: 0}
--- !u!64 &1481016737
MeshCollider:
  m_ObjectHideFlags: 0
  m_CorrespondingSourceObject: {fileID: 0}
  m_PrefabInstance: {fileID: 0}
  m_PrefabAsset: {fileID: 0}
  m_GameObject: {fileID: 1481016736}
  m_Material: {fileID: 0}
  m_IsTrigger: 0
  m_Enabled: 1
  serializedVersion: 4
  m_Convex: 0
  m_CookingOptions: 30
  m_Mesh: {fileID: 4300002, guid: 6386a10e23c45d040a22051e6ae3b70f, type: 3}
--- !u!1001 &1511533177
PrefabInstance:
  m_ObjectHideFlags: 0
  serializedVersion: 2
  m_Modification:
    m_TransformParent: {fileID: 1770910409}
    m_Modifications:
    - target: {fileID: 100000, guid: 3681543e5b0f59742b73073cb379cdc6, type: 3}
      propertyPath: m_Name
      value: FloorPrototype64x01x64
      objectReference: {fileID: 0}
    - target: {fileID: 400000, guid: 3681543e5b0f59742b73073cb379cdc6, type: 3}
      propertyPath: m_RootOrder
      value: 6
      objectReference: {fileID: 0}
    - target: {fileID: 400000, guid: 3681543e5b0f59742b73073cb379cdc6, type: 3}
      propertyPath: m_LocalScale.x
      value: 1.5
      objectReference: {fileID: 0}
    - target: {fileID: 400000, guid: 3681543e5b0f59742b73073cb379cdc6, type: 3}
      propertyPath: m_LocalScale.y
      value: 1.5
      objectReference: {fileID: 0}
    - target: {fileID: 400000, guid: 3681543e5b0f59742b73073cb379cdc6, type: 3}
      propertyPath: m_LocalScale.z
      value: 1.5
      objectReference: {fileID: 0}
    - target: {fileID: 400000, guid: 3681543e5b0f59742b73073cb379cdc6, type: 3}
      propertyPath: m_LocalPosition.x
      value: 0
      objectReference: {fileID: 0}
    - target: {fileID: 400000, guid: 3681543e5b0f59742b73073cb379cdc6, type: 3}
      propertyPath: m_LocalPosition.y
      value: 0
      objectReference: {fileID: 0}
    - target: {fileID: 400000, guid: 3681543e5b0f59742b73073cb379cdc6, type: 3}
      propertyPath: m_LocalPosition.z
      value: 0
      objectReference: {fileID: 0}
    - target: {fileID: 400000, guid: 3681543e5b0f59742b73073cb379cdc6, type: 3}
      propertyPath: m_LocalRotation.w
      value: 1
      objectReference: {fileID: 0}
    - target: {fileID: 400000, guid: 3681543e5b0f59742b73073cb379cdc6, type: 3}
      propertyPath: m_LocalRotation.x
      value: 0.00000008146034
      objectReference: {fileID: 0}
    - target: {fileID: 400000, guid: 3681543e5b0f59742b73073cb379cdc6, type: 3}
      propertyPath: m_LocalRotation.y
      value: -0
      objectReference: {fileID: 0}
    - target: {fileID: 400000, guid: 3681543e5b0f59742b73073cb379cdc6, type: 3}
      propertyPath: m_LocalRotation.z
      value: -0
      objectReference: {fileID: 0}
    - target: {fileID: 400000, guid: 3681543e5b0f59742b73073cb379cdc6, type: 3}
      propertyPath: m_LocalEulerAnglesHint.x
      value: 0
      objectReference: {fileID: 0}
    - target: {fileID: 400000, guid: 3681543e5b0f59742b73073cb379cdc6, type: 3}
      propertyPath: m_LocalEulerAnglesHint.y
      value: 0
      objectReference: {fileID: 0}
    - target: {fileID: 400000, guid: 3681543e5b0f59742b73073cb379cdc6, type: 3}
      propertyPath: m_LocalEulerAnglesHint.z
      value: 0
      objectReference: {fileID: 0}
    m_RemovedComponents: []
  m_SourcePrefab: {fileID: 100100000, guid: 3681543e5b0f59742b73073cb379cdc6, type: 3}
--- !u!4 &1511533178 stripped
Transform:
  m_CorrespondingSourceObject: {fileID: 400000, guid: 3681543e5b0f59742b73073cb379cdc6, type: 3}
  m_PrefabInstance: {fileID: 1511533177}
  m_PrefabAsset: {fileID: 0}
--- !u!1 &1511533179 stripped
GameObject:
  m_CorrespondingSourceObject: {fileID: 100000, guid: 3681543e5b0f59742b73073cb379cdc6, type: 3}
  m_PrefabInstance: {fileID: 1511533177}
  m_PrefabAsset: {fileID: 0}
--- !u!64 &1511533180
MeshCollider:
  m_ObjectHideFlags: 0
  m_CorrespondingSourceObject: {fileID: 0}
  m_PrefabInstance: {fileID: 0}
  m_PrefabAsset: {fileID: 0}
  m_GameObject: {fileID: 1511533179}
  m_Material: {fileID: 0}
  m_IsTrigger: 0
  m_Enabled: 1
  serializedVersion: 4
  m_Convex: 0
  m_CookingOptions: 30
  m_Mesh: {fileID: 4300002, guid: fadddc63520db414bbc9126cbf4743ad, type: 3}
--- !u!1001 &1538076384
PrefabInstance:
  m_ObjectHideFlags: 0
  serializedVersion: 2
  m_Modification:
    m_TransformParent: {fileID: 0}
    m_Modifications:
    - target: {fileID: 100000, guid: 4620f3c93dca8c94c9124d8ba443f43e, type: 3}
      propertyPath: m_Name
      value: FloorPrototype04x01x04
      objectReference: {fileID: 0}
    - target: {fileID: 400000, guid: 4620f3c93dca8c94c9124d8ba443f43e, type: 3}
      propertyPath: m_RootOrder
      value: 1
      objectReference: {fileID: 0}
    - target: {fileID: 400000, guid: 4620f3c93dca8c94c9124d8ba443f43e, type: 3}
      propertyPath: m_LocalPosition.x
      value: -18.326128
      objectReference: {fileID: 0}
    - target: {fileID: 400000, guid: 4620f3c93dca8c94c9124d8ba443f43e, type: 3}
      propertyPath: m_LocalPosition.y
      value: 2.0000112
      objectReference: {fileID: 0}
    - target: {fileID: 400000, guid: 4620f3c93dca8c94c9124d8ba443f43e, type: 3}
      propertyPath: m_LocalPosition.z
      value: 23.049976
      objectReference: {fileID: 0}
    - target: {fileID: 400000, guid: 4620f3c93dca8c94c9124d8ba443f43e, type: 3}
      propertyPath: m_LocalRotation.w
      value: 1
      objectReference: {fileID: 0}
    - target: {fileID: 400000, guid: 4620f3c93dca8c94c9124d8ba443f43e, type: 3}
      propertyPath: m_LocalRotation.x
      value: 0.00000008146034
      objectReference: {fileID: 0}
    - target: {fileID: 400000, guid: 4620f3c93dca8c94c9124d8ba443f43e, type: 3}
      propertyPath: m_LocalRotation.y
      value: 0
      objectReference: {fileID: 0}
    - target: {fileID: 400000, guid: 4620f3c93dca8c94c9124d8ba443f43e, type: 3}
      propertyPath: m_LocalRotation.z
      value: -0
      objectReference: {fileID: 0}
    - target: {fileID: 400000, guid: 4620f3c93dca8c94c9124d8ba443f43e, type: 3}
      propertyPath: m_LocalEulerAnglesHint.x
      value: 0
      objectReference: {fileID: 0}
    - target: {fileID: 400000, guid: 4620f3c93dca8c94c9124d8ba443f43e, type: 3}
      propertyPath: m_LocalEulerAnglesHint.y
      value: 0
      objectReference: {fileID: 0}
    - target: {fileID: 400000, guid: 4620f3c93dca8c94c9124d8ba443f43e, type: 3}
      propertyPath: m_LocalEulerAnglesHint.z
      value: 0
      objectReference: {fileID: 0}
    m_RemovedComponents: []
  m_SourcePrefab: {fileID: 100100000, guid: 4620f3c93dca8c94c9124d8ba443f43e, type: 3}
--- !u!1001 &1584496730
PrefabInstance:
  m_ObjectHideFlags: 0
  serializedVersion: 2
  m_Modification:
    m_TransformParent: {fileID: 1770910409}
    m_Modifications:
    - target: {fileID: 100000, guid: 90d8e09703679534295bd2cacb73d6de, type: 3}
      propertyPath: m_Name
      value: CubePrototype08x08x08
      objectReference: {fileID: 0}
    - target: {fileID: 400000, guid: 90d8e09703679534295bd2cacb73d6de, type: 3}
      propertyPath: m_RootOrder
      value: 1
      objectReference: {fileID: 0}
    - target: {fileID: 400000, guid: 90d8e09703679534295bd2cacb73d6de, type: 3}
      propertyPath: m_LocalPosition.x
      value: -28.987194
      objectReference: {fileID: 0}
    - target: {fileID: 400000, guid: 90d8e09703679534295bd2cacb73d6de, type: 3}
      propertyPath: m_LocalPosition.y
      value: 0
      objectReference: {fileID: 0}
    - target: {fileID: 400000, guid: 90d8e09703679534295bd2cacb73d6de, type: 3}
      propertyPath: m_LocalPosition.z
      value: 4.7764053
      objectReference: {fileID: 0}
    - target: {fileID: 400000, guid: 90d8e09703679534295bd2cacb73d6de, type: 3}
      propertyPath: m_LocalRotation.w
      value: 1
      objectReference: {fileID: 0}
    - target: {fileID: 400000, guid: 90d8e09703679534295bd2cacb73d6de, type: 3}
      propertyPath: m_LocalRotation.x
      value: -0
      objectReference: {fileID: 0}
    - target: {fileID: 400000, guid: 90d8e09703679534295bd2cacb73d6de, type: 3}
      propertyPath: m_LocalRotation.y
      value: -0
      objectReference: {fileID: 0}
    - target: {fileID: 400000, guid: 90d8e09703679534295bd2cacb73d6de, type: 3}
      propertyPath: m_LocalRotation.z
      value: -0
      objectReference: {fileID: 0}
    - target: {fileID: 400000, guid: 90d8e09703679534295bd2cacb73d6de, type: 3}
      propertyPath: m_LocalEulerAnglesHint.x
      value: 0
      objectReference: {fileID: 0}
    - target: {fileID: 400000, guid: 90d8e09703679534295bd2cacb73d6de, type: 3}
      propertyPath: m_LocalEulerAnglesHint.y
      value: 0
      objectReference: {fileID: 0}
    - target: {fileID: 400000, guid: 90d8e09703679534295bd2cacb73d6de, type: 3}
      propertyPath: m_LocalEulerAnglesHint.z
      value: 0
      objectReference: {fileID: 0}
    m_RemovedComponents: []
  m_SourcePrefab: {fileID: 100100000, guid: 90d8e09703679534295bd2cacb73d6de, type: 3}
--- !u!4 &1584496731 stripped
Transform:
  m_CorrespondingSourceObject: {fileID: 400000, guid: 90d8e09703679534295bd2cacb73d6de, type: 3}
  m_PrefabInstance: {fileID: 1584496730}
  m_PrefabAsset: {fileID: 0}
--- !u!1 &1584496732 stripped
GameObject:
  m_CorrespondingSourceObject: {fileID: 100000, guid: 90d8e09703679534295bd2cacb73d6de, type: 3}
  m_PrefabInstance: {fileID: 1584496730}
  m_PrefabAsset: {fileID: 0}
--- !u!64 &1584496733
MeshCollider:
  m_ObjectHideFlags: 0
  m_CorrespondingSourceObject: {fileID: 0}
  m_PrefabInstance: {fileID: 0}
  m_PrefabAsset: {fileID: 0}
  m_GameObject: {fileID: 1584496732}
  m_Material: {fileID: 0}
  m_IsTrigger: 0
  m_Enabled: 1
  serializedVersion: 4
  m_Convex: 0
  m_CookingOptions: 30
  m_Mesh: {fileID: 4300002, guid: c09052c9b19f0ea4987bc4f4f981252f, type: 3}
--- !u!1001 &1617991477
PrefabInstance:
  m_ObjectHideFlags: 0
  serializedVersion: 2
  m_Modification:
    m_TransformParent: {fileID: 1770910409}
    m_Modifications:
    - target: {fileID: 100000, guid: d85d3a32fb6157d488e31edf82b7b1c4, type: 3}
      propertyPath: m_Name
      value: StepsPrototype04x02x02
      objectReference: {fileID: 0}
    - target: {fileID: 400000, guid: d85d3a32fb6157d488e31edf82b7b1c4, type: 3}
      propertyPath: m_RootOrder
      value: 4
      objectReference: {fileID: 0}
    - target: {fileID: 400000, guid: d85d3a32fb6157d488e31edf82b7b1c4, type: 3}
      propertyPath: m_LocalPosition.x
      value: -8.824604
      objectReference: {fileID: 0}
    - target: {fileID: 400000, guid: d85d3a32fb6157d488e31edf82b7b1c4, type: 3}
      propertyPath: m_LocalPosition.y
      value: 0
      objectReference: {fileID: 0}
    - target: {fileID: 400000, guid: d85d3a32fb6157d488e31edf82b7b1c4, type: 3}
      propertyPath: m_LocalPosition.z
      value: 24.829983
      objectReference: {fileID: 0}
    - target: {fileID: 400000, guid: d85d3a32fb6157d488e31edf82b7b1c4, type: 3}
      propertyPath: m_LocalRotation.w
      value: 1
      objectReference: {fileID: 0}
    - target: {fileID: 400000, guid: d85d3a32fb6157d488e31edf82b7b1c4, type: 3}
      propertyPath: m_LocalRotation.x
      value: -0
      objectReference: {fileID: 0}
    - target: {fileID: 400000, guid: d85d3a32fb6157d488e31edf82b7b1c4, type: 3}
      propertyPath: m_LocalRotation.y
      value: -0
      objectReference: {fileID: 0}
    - target: {fileID: 400000, guid: d85d3a32fb6157d488e31edf82b7b1c4, type: 3}
      propertyPath: m_LocalRotation.z
      value: -0
      objectReference: {fileID: 0}
    - target: {fileID: 400000, guid: d85d3a32fb6157d488e31edf82b7b1c4, type: 3}
      propertyPath: m_LocalEulerAnglesHint.x
      value: 0
      objectReference: {fileID: 0}
    - target: {fileID: 400000, guid: d85d3a32fb6157d488e31edf82b7b1c4, type: 3}
      propertyPath: m_LocalEulerAnglesHint.y
      value: 0
      objectReference: {fileID: 0}
    - target: {fileID: 400000, guid: d85d3a32fb6157d488e31edf82b7b1c4, type: 3}
      propertyPath: m_LocalEulerAnglesHint.z
      value: 0
      objectReference: {fileID: 0}
    m_RemovedComponents: []
  m_SourcePrefab: {fileID: 100100000, guid: d85d3a32fb6157d488e31edf82b7b1c4, type: 3}
--- !u!4 &1617991478 stripped
Transform:
  m_CorrespondingSourceObject: {fileID: 400000, guid: d85d3a32fb6157d488e31edf82b7b1c4, type: 3}
  m_PrefabInstance: {fileID: 1617991477}
  m_PrefabAsset: {fileID: 0}
--- !u!1 &1617991479 stripped
GameObject:
  m_CorrespondingSourceObject: {fileID: 100000, guid: d85d3a32fb6157d488e31edf82b7b1c4, type: 3}
  m_PrefabInstance: {fileID: 1617991477}
  m_PrefabAsset: {fileID: 0}
--- !u!64 &1617991480
MeshCollider:
  m_ObjectHideFlags: 0
  m_CorrespondingSourceObject: {fileID: 0}
  m_PrefabInstance: {fileID: 0}
  m_PrefabAsset: {fileID: 0}
  m_GameObject: {fileID: 1617991479}
  m_Material: {fileID: 0}
  m_IsTrigger: 0
  m_Enabled: 1
  serializedVersion: 4
  m_Convex: 0
  m_CookingOptions: 30
  m_Mesh: {fileID: 4300002, guid: 900e53dd850c9cc4281be6fa21bdfea5, type: 3}
--- !u!1001 &1669459598
PrefabInstance:
  m_ObjectHideFlags: 0
  serializedVersion: 2
  m_Modification:
    m_TransformParent: {fileID: 1770910409}
    m_Modifications:
    - target: {fileID: 100000, guid: 5862bbfe91a75054ca72c13b555b6ac5, type: 3}
      propertyPath: m_Name
      value: HousePrototype16x16x24
      objectReference: {fileID: 0}
    - target: {fileID: 400000, guid: 5862bbfe91a75054ca72c13b555b6ac5, type: 3}
      propertyPath: m_RootOrder
      value: 5
      objectReference: {fileID: 0}
    - target: {fileID: 400000, guid: 5862bbfe91a75054ca72c13b555b6ac5, type: 3}
      propertyPath: m_LocalPosition.x
      value: 19.216202
      objectReference: {fileID: 0}
    - target: {fileID: 400000, guid: 5862bbfe91a75054ca72c13b555b6ac5, type: 3}
      propertyPath: m_LocalPosition.y
      value: 0
      objectReference: {fileID: 0}
    - target: {fileID: 400000, guid: 5862bbfe91a75054ca72c13b555b6ac5, type: 3}
      propertyPath: m_LocalPosition.z
      value: -14.520153
      objectReference: {fileID: 0}
    - target: {fileID: 400000, guid: 5862bbfe91a75054ca72c13b555b6ac5, type: 3}
      propertyPath: m_LocalRotation.w
      value: 1
      objectReference: {fileID: 0}
    - target: {fileID: 400000, guid: 5862bbfe91a75054ca72c13b555b6ac5, type: 3}
      propertyPath: m_LocalRotation.x
      value: -0
      objectReference: {fileID: 0}
    - target: {fileID: 400000, guid: 5862bbfe91a75054ca72c13b555b6ac5, type: 3}
      propertyPath: m_LocalRotation.y
      value: -0
      objectReference: {fileID: 0}
    - target: {fileID: 400000, guid: 5862bbfe91a75054ca72c13b555b6ac5, type: 3}
      propertyPath: m_LocalRotation.z
      value: -0
      objectReference: {fileID: 0}
    - target: {fileID: 400000, guid: 5862bbfe91a75054ca72c13b555b6ac5, type: 3}
      propertyPath: m_LocalEulerAnglesHint.x
      value: 0
      objectReference: {fileID: 0}
    - target: {fileID: 400000, guid: 5862bbfe91a75054ca72c13b555b6ac5, type: 3}
      propertyPath: m_LocalEulerAnglesHint.y
      value: 0
      objectReference: {fileID: 0}
    - target: {fileID: 400000, guid: 5862bbfe91a75054ca72c13b555b6ac5, type: 3}
      propertyPath: m_LocalEulerAnglesHint.z
      value: 0
      objectReference: {fileID: 0}
    m_RemovedComponents: []
  m_SourcePrefab: {fileID: 100100000, guid: 5862bbfe91a75054ca72c13b555b6ac5, type: 3}
--- !u!4 &1669459599 stripped
Transform:
  m_CorrespondingSourceObject: {fileID: 400000, guid: 5862bbfe91a75054ca72c13b555b6ac5, type: 3}
  m_PrefabInstance: {fileID: 1669459598}
  m_PrefabAsset: {fileID: 0}
--- !u!1 &1669459600 stripped
GameObject:
  m_CorrespondingSourceObject: {fileID: 100000, guid: 5862bbfe91a75054ca72c13b555b6ac5, type: 3}
  m_PrefabInstance: {fileID: 1669459598}
  m_PrefabAsset: {fileID: 0}
--- !u!64 &1669459601
MeshCollider:
  m_ObjectHideFlags: 0
  m_CorrespondingSourceObject: {fileID: 0}
  m_PrefabInstance: {fileID: 0}
  m_PrefabAsset: {fileID: 0}
  m_GameObject: {fileID: 1669459600}
  m_Material: {fileID: 0}
  m_IsTrigger: 0
  m_Enabled: 1
  serializedVersion: 4
  m_Convex: 0
  m_CookingOptions: 30
  m_Mesh: {fileID: 4300002, guid: ce7348d724aa0fc44aaf53391b9bae9b, type: 3}
--- !u!1 &1770910408
GameObject:
  m_ObjectHideFlags: 0
  m_CorrespondingSourceObject: {fileID: 0}
  m_PrefabInstance: {fileID: 0}
  m_PrefabAsset: {fileID: 0}
  serializedVersion: 6
  m_Component:
  - component: {fileID: 1770910409}
  m_Layer: 0
  m_Name: Environment
  m_TagString: Untagged
  m_Icon: {fileID: 0}
  m_NavMeshLayer: 0
  m_StaticEditorFlags: 0
  m_IsActive: 1
--- !u!4 &1770910409
Transform:
  m_ObjectHideFlags: 0
  m_CorrespondingSourceObject: {fileID: 0}
  m_PrefabInstance: {fileID: 0}
  m_PrefabAsset: {fileID: 0}
  m_GameObject: {fileID: 1770910408}
  m_LocalRotation: {x: 0, y: 0, z: 0, w: 1}
  m_LocalPosition: {x: 0, y: 0, z: 0}
  m_LocalScale: {x: 1, y: 1, z: 1}
  m_Children:
  - {fileID: 153249684}
  - {fileID: 1584496731}
  - {fileID: 918601288}
  - {fileID: 1481016735}
  - {fileID: 1617991478}
  - {fileID: 1669459599}
  - {fileID: 1511533178}
  m_Father: {fileID: 0}
  m_RootOrder: 4
  m_LocalEulerAnglesHint: {x: 0, y: 0, z: 0}
